@book{Gallager1963,
  author = {Gallager, R.},
  title = {{Low-Density Parity-Check Codes}},
  year = {1963},
  publisher = {{MIT} Press},
  address = {Cambridge, MA, USA}
}

@book{Bossert,
  author = {Bossert, Martin},
  title = {{Channel Coding for Telecommunications}},
  year = {1999},
  publisher = {{John Wiley {\&} Sons}},
  address = {West Sussex, England}
}

@article{Tanner1981,
  author = {Tanner, R.},
  journal = IEEE_J_IT,
  month = sept,
  number = {15},
  pages = {533--547},
  title = {A recursive approach to low complexity codes},
  volume = {27},
  year = {1981}
}

@article{Felstrom1999,
  author = {Alberto Felstr{\"o}m and Zigangirov, K.},
  journal = IEEE_J_IT,
  month = sept,
  number = {10},
  pages = {2181--2191},
  title = {Time-varying periodic convolutional codes with low-density parity-check matrix},
  volume = {45},
  year = {1999}
}

@article{Bpl,
  author={}, 
  journal={IEEE Std. 1901-2010}, 
  title={{{IEEE} Standard for Broadband over Power Line Networks: Medium Access Control and Physical Layer Specifications}}, 
  year={2010}, 
  volume={}, 
  pages={1175-1180}, 
  doi={30.12.2010} 
}

@book{proak,
  author={Proakis, John G.},
  title={{Digital Communication}},
  year={1995},
  publisher={McGraw-Hill}
}

@article{Hagenauer1996,
  author = {Hagenauer, Joachim and Offer, E. and Papke, L.},
  journal = IEEE_J_IT,
  month = mar,
  number = {2},
  pages = {429--445},
  title = {Iterative decoding of binary block and convolutional codes},
  volume = {42},
  year = {1996}
}

@article{Iyengar2012,
  author = {Iyengar, Aravind R. and Papaleo, Marco and Siegel, Paul H.},
  journal = IEEE_J_IT,
  month = apr,
  number = {4},
  pages = {2303--2320},
  title = {Windowed Decoding of Protograph-Based LDPC Convolutional Codes Over Erasure Channels},
  volume = {58},
  year = {2012}
}

@inproceedings{Chen2006,
  author = {Chen, Z. and Bates, S. and Elliott, D. and Brandon, T.},
  booktitle = {Proc. 2006 {IEEE} Global Commun. Conf. (GLOBECOM)},
  pages = {},
  title = {Efficient Encoding and Termination of Low-Density Parity-Check Convolutional Codes},
  year = {2006},
  month = nov,
  address = {University of Alberta, Edmonton, Canada}
}

@inproceedings{Zhang2002,
  author = {{Juntan Zhang} and Fossorier, M.},
  booktitle = {Conf. Rec. 36th Asilomar Conf. Signals, Syst. Comput. 2002},
  pages = {8--15},
  title = {Shuffled belief propagation decoding},
  year = {2002},
  month = nov,
  address = {Pacific Grove, CA, USA}
}

@inproceedings{Jones2003,
  author = {Jones, C. and VaIles, E. and Smith, M. and Villasenor, J.},
  booktitle = {Proc. 2003 {IEEE} Military Commun. Conf. (MILCOM)},
  pages = {157--162},
  title = {Approximate-min* constraint node updating for {LDPC} code decoding},
  year = {2003},
  month = oct,
  address = {Boston, MA, USA}
}

@article{Ali2018,
  author = {Ali, Inayat and Kim, Jong-Hwan and Kim, Sang-Hyo and Kwak, Heeyoul and No, Jong-Seon},
  journal = {{IEEE} Access},
  month = mar,
  pages = {9336--9346},
  title = {Improving Windowed Decoding of SC LDPC Codes by Effective Decoding Termination, Message Reuse, and Amplification},
  volume = {6},
  year = {2018}
}

@article{Kang2018,
  author = {Kang, Peng and Xie, Yixuan and Yang, Lie and Yuan, Jinhong},
  journal = {IEEE Communications Letters},
  month = jul,
  number = {7},
  pages = {1322--1325},
  title = {Reliability-Based Windowed Decoding for Spatially Coupled LDPC Codes},
  volume = {22},
  year = {2018}
}

@inproceedings{Shadi2015,
  author = {Abu-Surra, Shadi and Pisek, Eran and Toari, Rakesh},
  booktitle = {2015 Information Theory and Applications Workshop (ITA)},
  title = {Spatially-coupled low-density parity check codes: Zigzag-window decoding and code-family design considerations},
  year = {2015},
  month = feb,
  address = {San Diego, CA, USA}
}

@inproceedings{Kim2012,
  author = {Kim, Minki and Kim, Dongho and Lee, Hoom Ye},
  booktitle = {IEEE international Symposium on Broadband Multimedia Systems and Broadcasting},
  title = {Serial scheduling algorithm of LDPC decoding for multimedia transmission},
  year = {2012},
  month = jun,
  address = {Seoul, South Korea}
}
